@article{chorin2009implicit,
  title={Implicit sampling for particle filters},
  author={Chorin, Alexandre J and Tu, Xuemin},
  journal={Proceedings of the National Academy of Sciences},
  volume={106},
  number={41},
  pages={17249--17254},
  year={2009},
  publisher={National Acad Sciences}
}
@article{chorin2010implicit,
  title={Implicit particle filters for data assimilation},
  author={Chorin, Alexandre and Morzfeld, Matthias and Tu, Xuemin},
  journal={Communications in Applied Mathematics and Computational Science},
  volume={5},
  number={2},
  pages={221--240},
  year={2010},
  publisher={Mathematical Sciences Publishers}
}
@article{thuburn2000numerical,
  title={Numerical simulations of Rossby--Haurwitz waves},
  author={Thuburn, John and Li, Yong},
  journal={Tellus A: Dynamic Meteorology and Oceanography},
  volume={52},
  number={2},
  pages={181--189},
  year={2000},
  publisher={Taylor \& Francis}
}
@article{williamson1992standard,
  title={A standard test set for numerical approximations to the shallow water equations in spherical geometry},
  author={Williamson, David L and Drake, John B and Hack, James J and Jakob, R{\"u}diger and Swarztrauber, Paul N},
  journal={Journal of Computational Physics},
  volume={102},
  number={1},
  pages={211--224},
  year={1992},
  publisher={Elsevier}
}
@article{jakob1995spectral,
  title={Spectral transform solutions to the shallow water test set},
  author={Jakob-Chien, Ruediger and Hack, James J and Williamson, David L},
  journal={Journal of Computational Physics},
  volume={119},
  number={1},
  pages={164--187},
  year={1995},
  publisher={Elsevier}
}
@misc{NIST:DLMF,
         key = "{\relax DLMF}",
       title = "{\it NIST Digital Library of Mathematical Functions}",
howpublished = "http://dlmf.nist.gov/, Release 1.0.14 of 2016-12-21",
         url = "http://dlmf.nist.gov/",
        note = "F.~W.~J. Olver, A.~B. {Olde Daalhuis}, D.~W. Lozier, B.~I. Schneider,
                R.~F. Boisvert, C.~W. Clark, B.~R. Miller and B.~V. Saunders, eds."
}
